@article{tcp,
    author = {Vinton G. Cerf and Robert E. Kahn},
    title = "A Protocol for Packet Network Intercommunication",
    journal = "IEE Trans on Comm",
    volume = "22",
    year = "1974",
    DOI = "https://web.archive.org/web/20160304150203/http://ece.ut.ac.ir/Classpages/F84/PrincipleofNetworkDesign/Papers/CK74.pdf",
    keywords = "network"
}

@book{dirac,
    title = {The Principles of Quantum Mechanics},
    author = {Paul Adrien Maurice Dirac},
    isbn = {9780198520115},
    series = {International series of monographs on physics},
    year = {1981},
    publisher = {Clarendon Press},
    keywords = {physics}
}

@inbook{knuth-fa,
    author = "Donald E. Knuth",
    title = "Fundamental Algorithms",
    publisher = "Addison-Wesley",
    year = "1973",
    chapter = "1.2",
    keywords  = "knuth,programming"
}